@ARTICLE{undated-iq,
      title  = "熱力学温度の単位「ケルビン」の定義改定",
        author = "{山田善郎}"
}

